%code references
%
%SSP submission
@unpublished{wu2014ssp,
author = {Jeff Z. Pan and Jos\'e Manuel G\'omez P\'erez and Yuan Ren and Honghan Wu and Man Zhu},
title = {{SSP}: Compressing {RDF} Data by Summarisation,
Serialisation and Predictive Encoding},
note = {Manuscript submitted for CIKM},
year = {2014}
}

%HDT Journal Paper
@article{fernandez2013binary,
  title={Binary RDF representation for publication and exchange ({HDT})},
  author={Fern{\'a}ndez, Javier D and Mart{\'\i}nez-Prieto, Miguel A and Guti{\'e}rrez, Claudio and Polleres, Axel and Arias, Mario},
  journal={Web Semantics: Science, Services and Agents on the World Wide Web},
  volume={19},
  pages={22--41},
  year={2013},
  publisher={Elsevier}
}

%logical compression
@incollection{joshi2013logical,
  title={Logical Linked Data Compression},
  author={Joshi, Amit Krishna and Hitzler, Pascal and Dong, Guozhu},
  booktitle={The Semantic Web: Semantics and Big Data},
  pages={170--184},
  year={2013},
  publisher={Springer}
}

%sameAs analysis
@incollection{halpin2010owl,
  title={When owl: sameas isnâ€™t the same: An analysis of identity in linked data},
  author={Halpin, Harry and Hayes, Patrick J and McCusker, James P and McGuinness, Deborah L and Thompson, Henry S},
  booktitle={The Semantic Web--ISWC 2010},
  pages={305--320},
  year={2010},
  publisher={Springer}
}

%DL Lite
@article{calvanese2007tractable,
  title={Tractable reasoning and efficient query answering in description logics: The DL-Lite family},
  author={Calvanese, Diego and De Giacomo, Giuseppe and Lembo, Domenico and Lenzerini, Maurizio and Rosati, Riccardo},
  journal={Journal of Automated reasoning},
  volume={39},
  number={3},
  pages={385--429},
  year={2007},
  publisher={Springer}
}

%sameAs analysis
@incollection{ding2010sameas,
  title={SameAs networks and beyond: analyzing deployment status and implications of owl: sameAs in linked data},
  author={Ding, Li and Shinavier, Joshua and Shangguan, Zhenning and McGuinness, Deborah L},
  booktitle={The Semantic Web--ISWC 2010},
  pages={145--160},
  year={2010},
  publisher={Springer}
}

%waterfowl
@incollection{cure2014waterfowl,
  title={WaterFowl: A Compact, Self-indexed and Inference-Enabled Immutable RDF Store},
  author={Cur{\'e}, Olivier and Blin, Guillaume and Revuz, Dominique and Faye, David C{\'e}lestin},
  booktitle={The Semantic Web: Trends and Challenges},
  pages={302--316},
  year={2014},
  publisher={Springer}
}

@incollection{iannone2005optimizing,
  title={Optimizing RDF storage removing redundancies: an algorithm},
  author={Iannone, Luigi and Palmisano, Ignazio and Redavid, Domenico},
  booktitle={Innovations in Applied Artificial Intelligence},
  pages={732--742},
  year={2005},
  publisher={Springer}
}

@article{Urbani2013,
 author = {Urbani, Jacopo and Maassen, Jason and Drost, Niels and Seinstra, Frank and Bal, Henri},
 title = {Scalable RDF Data Compression with MapReduce},
 journal = {Concurr. Comput. : Pract. Exper.},
 issue_date = {January 2013},
 volume = {25},
 number = {1},
 month = jan,
 year = {2013},
 issn = {1532-0626},
 pages = {24--39},
 numpages = {16},
 url = {http://dx.doi.org/10.1002/cpe.2840},
 doi = {10.1002/cpe.2840},
 acmid = {2422078},
 publisher = {John Wiley and Sons Ltd.},
 address = {Chichester, UK},
 keywords = {MapReduce, RDF, Semantic Web, compression, dictionary encoding, distributed algorithms},
} 


@inproceedings{lee2008web,
  title={Web document compaction by compressing URI references in RDF and OWL data},
  author={Lee, Kisung and Son, Jin Hyun and Kim, Gun-Woo and Kim, Myoung Ho},
  booktitle={Proceedings of the 2nd international conference on Ubiquitous information management and communication},
  pages={163--168},
  year={2008},
  organization={ACM}
}

@incollection{grimm2011elimination,
  title={Elimination of redundancy in ontologies},
  author={Grimm, Stephan and Wissmann, Jens},
  booktitle={The Semantic Web: Research and Applications},
  pages={260--274},
  year={2011},
  publisher={Springer}
}

@article{alvarez2011compressed,
  title={Compressed k2-triples for full-in-memory rdf engines},
  author={{\'A}lvarez-Garc{\'\i}a, Sandra and Brisaboa, Nieves R and Fern{\'a}ndez, Javier D and Mart{\'\i}nez-Prieto, Miguel A},
  journal={arXiv preprint arXiv:1105.4004},
  year={2011}
}